@book{bloom1956taxonomy,
  title     = {Taxonomy of Educational Objectives: The Classification of Educational Goals. Handbook 1: Cognitive Domain},
  author    = {Benjamin S. Bloom and Max D. Engelhart and Edward J. Furst and Walker H. Hill and David R. Krathwohl and others},
  year      = {1956},
  publisher = {Longman},
  address   = {New York}
}

@misc{BerufspädagogischesKonzept_BauschuleAarau,
  author       = {Bauschule Aarau},
  title        = {Berufspädagogisches Konzept},
  howpublished = {Internes Dokument},
  year         = {2024},
}